% Use this file for citations not found in the ACL Anthology (contained in "anthology.bib").

@inproceedings{zhu-de-melo-2020-sentence,
    title = "Sentence Analogies: Linguistic Regularities in Sentence Embeddings",
    author = "Zhu, Xunjie  and
      de Melo, Gerard",
    booktitle = "Proceedings of the 28th International Conference on Computational Linguistics",
    month = dec,
    year = "2020",
    address = "Barcelona, Spain (Online)",
    publisher = "International Committee on Computational Linguistics",
    url = "https://www.aclweb.org/anthology/2020.coling-main.300",
    doi = "10.18653/v1/2020.coling-main.300",
    pages = "3389--3400",
}

@inproceedings{snli:emnlp2015,
	Author = {Bowman, Samuel R. and Angeli, Gabor and Potts, Christopher, and Manning, Christopher D.},
	Booktitle = {Proceedings of the 2015 Conference on Empirical Methods in Natural Language Processing (EMNLP)},
	Publisher = {Association for Computational Linguistics},
	Title = {A large annotated corpus for learning natural language inference},
	Year = {2015},
	url = {https://nlp.stanford.edu/pubs/snli_paper.pdf}
}

@InProceedings{N18-1101,
  author = "Williams, Adina
            and Nangia, Nikita
            and Bowman, Samuel",
  title = "A Broad-Coverage Challenge Corpus for 
           Sentence Understanding through Inference",
  booktitle = "Proceedings of the 2018 Conference of 
               the North American Chapter of the 
               Association for Computational Linguistics:
               Human Language Technologies, Volume 1 (Long
               Papers)",
  year = "2018",
  publisher = "Association for Computational Linguistics",
  pages = "1112--1122",
  location = "New Orleans, Louisiana",
  url = "http://aclweb.org/anthology/N18-1101"
}

@inproceedings{li2020_Optimus,
    title = "Optimus: Organizing Sentences via Pre-trained Modeling of a Latent Space",
    author = "Li, Chunyuan  and
      Gao, Xiang  and
      Li, Yuan  and
      Peng, Baolin  and
      Li, Xiujun  and
      Zhang, Yizhe  and
      Gao, Jianfeng",
    booktitle = "Proceedings of the 2020 Conference on Empirical Methods in Natural Language Processing (EMNLP)",
    month = nov,
    year = "2020",
    address = "Online",
    publisher = "Association for Computational Linguistics",
    url = "https://www.aclweb.org/anthology/2020.emnlp-main.378",
    doi = "10.18653/v1/2020.emnlp-main.378",
    pages = "4678--4699",
}

@inproceedings{reimers2019sentencebert,
    title = "Sentence-{BERT}: Sentence Embeddings using {S}iamese {BERT}-Networks",
    author = "Reimers, Nils  and
      Gurevych, Iryna",
    booktitle = "Proceedings of the 2019 Conference on Empirical Methods in Natural Language Processing and the 9th International Joint Conference on Natural Language Processing (EMNLP-IJCNLP)",
    month = nov,
    year = "2019",
    address = "Hong Kong, China",
    publisher = "Association for Computational Linguistics",
    url = "https://www.aclweb.org/anthology/D19-1410",
    doi = "10.18653/v1/D19-1410",
    pages = "3982--3992",
}


@inproceedings{vec2sent,
  author    = {Tom{\'{a}}s Mikolov and
               Kai Chen and
               Greg Corrado and
               Jeffrey Dean},
  editor    = {Yoshua Bengio and
               Yann LeCun},
  title     = {Efficient Estimation of Word Representations in Vector Space},
  booktitle = {1st International Conference on Learning Representations, {ICLR} 2013,
               Scottsdale, Arizona, USA, May 2-4, 2013, Workshop Track Proceedings},
  year      = {2013},
  url       = {http://arxiv.org/abs/1301.3781},
  timestamp = {Mon, 28 Dec 2020 11:31:01 +0100},
  biburl    = {https://dblp.org/rec/journals/corr/abs-1301-3781.bib},
  bibsource = {dblp computer science bibliography, https://dblp.org}
}

@inproceedings{kiros2015skipthought,
    author = {Kiros, Ryan and Zhu, Yukun and Salakhutdinov, Ruslan and Zemel, Richard S. and Torralba, Antonio and Urtasun, Raquel and Fidler, Sanja},
    title = {Skip-Thought Vectors},
    year = {2015},
    publisher = {MIT Press},
    address = {Cambridge, MA, USA},
    booktitle = {Proceedings of the 28th International Conference on Neural Information Processing Systems - Volume 2},
    pages = {3294–3302},
    numpages = {9},
    location = {Montreal, Canada},
    series = {NIPS'15},
    url = {https://papers.nips.cc/paper/2015/file/f442d33fa06832082290ad8544a8da27-Paper.pdf}
}


@inproceedings{conneau2018supervised,
    title = "Supervised Learning of Universal Sentence Representations from Natural Language Inference Data",
    author = {Conneau, Alexis  and
      Kiela, Douwe  and
      Schwenk, Holger  and
      Barrault, Lo{\"\i}c  and
      Bordes, Antoine},
    booktitle = "Proceedings of the 2017 Conference on Empirical Methods in Natural Language Processing",
    month = sep,
    year = "2018",
    address = "Copenhagen, Denmark",
    publisher = "Association for Computational Linguistics",
    url = "https://www.aclweb.org/anthology/D17-1070",
    doi = "10.18653/v1/D17-1070",
    pages = "670--680",
}

@inproceedings{cer2018universal,
    title	= {Universal Sentence Encoder},
    author	= {Daniel Cer and Yinfei Yang and Sheng-yi Kong and Nan Hua and Nicole Lyn Untalan Limtiaco and Rhomni  St. John and Noah Constant and Mario Guajardo-Céspedes and Steve Yuan and Chris Tar and Yun-hsuan Sung and Brian Strope and Ray Kurzweil},
    year	= {2018},
    URL	= {https://arxiv.org/abs/1803.11175},
    booktitle	= {In submission to: EMNLP demonstration},
    address	= {Brussels, Belgium}
}

@inproceedings{conneau2018cram,
    title = "What you can cram into a single {\$}{\&}!{\#}* vector: Probing sentence embeddings for linguistic properties",
    author = {Conneau, Alexis  and
      Kruszewski, German  and
      Lample, Guillaume  and
      Barrault, Lo{\"\i}c  and
      Baroni, Marco},
    booktitle = "Proceedings of the 56th Annual Meeting of the Association for Computational Linguistics (Volume 1: Long Papers)",
    month = jul,
    year = "2018",
    address = "Melbourne, Australia",
    publisher = "Association for Computational Linguistics",
    url = "https://www.aclweb.org/anthology/P18-1198",
    doi = "10.18653/v1/P18-1198",
    pages = "2126--2136",
}

@inproceedings{kerscher2020vec2sent,
    title = "{V}ec2{S}ent: Probing Sentence Embeddings with Natural Language Generation",
    author = "Kerscher, Martin  and
      Eger, Steffen",
    booktitle = "Proceedings of the 28th International Conference on Computational Linguistics",
    month = dec,
    year = "2020",
    address = "Barcelona, Spain (Online)",
    publisher = "International Committee on Computational Linguistics",
    url = "https://www.aclweb.org/anthology/2020.coling-main.152",
    doi = "10.18653/v1/2020.coling-main.152",
    pages = "1729--1736",
}

@inproceedings{Wang2020vec2sent,
    title = "Vector-to-sequence models for sentence analogies",
    author = "Liyan Wang and Yves Lepage",
    year = "2020",
    month = oct,
    day = "17",
    doi = "10.1109/ICACSIS51025.2020.9263191",
    language = "English",
    series = "2020 International Conference on Advanced Computer Science and Information Systems, ICACSIS 2020",
    publisher = "Institute of Electrical and Electronics Engineers Inc.",
    pages = "441--446",
    booktitle = "2020 International Conference on Advanced Computer Science and Information Systems, ICACSIS 2020",
}

@inproceedings{kingma2014autoencoding,
  author    = {Diederik P. Kingma and
               Max Welling},
  editor    = {Yoshua Bengio and
               Yann LeCun},
  title     = {Auto-Encoding Variational Bayes},
  booktitle = {2nd International Conference on Learning Representations, {ICLR} 2014,
               Banff, AB, Canada, April 14-16, 2014, Conference Track Proceedings},
  year      = {2014},
  url       = {http://arxiv.org/abs/1312.6114},
  timestamp = {Thu, 04 Apr 2019 13:20:07 +0200},
  biburl    = {https://dblp.org/rec/journals/corr/KingmaW13.bib},
  bibsource = {dblp computer science bibliography, https://dblp.org}
}

@inproceedings{bowman-etal-2016-generating,
    title = "Generating Sentences from a Continuous Space",
    author = "Bowman, Samuel R.  and
      Vilnis, Luke  and
      Vinyals, Oriol  and
      Dai, Andrew  and
      Jozefowicz, Rafal  and
      Bengio, Samy",
    booktitle = "Proceedings of The 20th {SIGNLL} Conference on Computational Natural Language Learning",
    month = aug,
    year = "2016",
    address = "Berlin, Germany",
    publisher = "Association for Computational Linguistics",
    url = "https://www.aclweb.org/anthology/K16-1002",
    doi = "10.18653/v1/K16-1002",
    pages = "10--21",
}


@InProceedings{rezende14,
    title = {Stochastic Backpropagation and Approximate Inference in Deep Generative Models}, author = {Danilo Jimenez Rezende and Shakir Mohamed and Daan Wierstra}, 
    booktitle = {Proceedings of the 31st International Conference on Machine Learning},
    pages = {1278--1286}, 
    year = {2014}, 
    editor = {Eric P. Xing and Tony Jebara}, 
    volume = {32},
    number = {2}, 
    series = {Proceedings of Machine Learning Research}, 
    address = {Bejing, China}, 
    month = {22--24 Jun}, 
    publisher = {PMLR}, 
    pdf = {http://proceedings.mlr.press/v32/rezende14.pdf},
    url = {http://proceedings.mlr.press/v32/rezende14.html}, 
}

@article{raffel20t2ttransformer,
  author  = {Colin Raffel and Noam Shazeer and Adam Roberts and Katherine Lee and Sharan Narang and Michael Matena and Yanqi Zhou and Wei Li and Peter J. Liu},
  title   = {Exploring the Limits of Transfer Learning with a Unified Text-to-Text Transformer},
  journal = {Journal of Machine Learning Research},
  year    = {2020},
  volume  = {21},
  number  = {140},
  pages   = {1-67},
  url     = {http://jmlr.org/papers/v21/20-074.html}
}

@inproceedings{conneau20unsupervised,
    title = "Unsupervised Cross-lingual Representation Learning at Scale",
    author = "Conneau, Alexis  and
      Khandelwal, Kartikay  and
      Goyal, Naman  and
      Chaudhary, Vishrav  and
      Wenzek, Guillaume  and
      Guzm{\'a}n, Francisco  and
      Grave, Edouard  and
      Ott, Myle  and
      Zettlemoyer, Luke  and
      Stoyanov, Veselin",
    booktitle = "Proceedings of the 58th Annual Meeting of the Association for Computational Linguistics",
    month = jul,
    year = "2020",
    address = "Online",
    publisher = "Association for Computational Linguistics",
    url = "https://www.aclweb.org/anthology/2020.acl-main.747",
    doi = "10.18653/v1/2020.acl-main.747",
    pages = "8440--8451",
}

@inproceedings{conneau18xnli,
    title = "{XNLI}: Evaluating Cross-lingual Sentence Representations",
    author = "Conneau, Alexis  and
      Rinott, Ruty  and
      Lample, Guillaume  and
      Williams, Adina  and
      Bowman, Samuel  and
      Schwenk, Holger  and
      Stoyanov, Veselin",
    booktitle = "Proceedings of the 2018 Conference on Empirical Methods in Natural Language Processing",
    month = oct # "-" # nov,
    year = "2018",
    address = "Brussels, Belgium",
    publisher = "Association for Computational Linguistics",
    url = "https://www.aclweb.org/anthology/D18-1269",
    doi = "10.18653/v1/D18-1269",
    pages = "2475--2485",
}